<record><leader>00000cas a22000007a 4500</leader><controlfield tag="001">13506001</controlfield><controlfield tag="008">860429d19351952nvuwr ne      0    0eng d</controlfield><datafield ind1=" " ind2=" " tag="010"><subfield code="a">sn 86076029 </subfield></datafield><datafield ind1=" " ind2=" " tag="040"><subfield code="a">NNX</subfield><subfield code="b">eng</subfield><subfield code="c">NNX</subfield><subfield code="d">CNK</subfield><subfield code="d">OCLCQ</subfield></datafield><datafield ind1=" " ind2=" " tag="042"><subfield code="a">msc</subfield></datafield><datafield ind1="0" ind2="0" tag="245"><subfield code="a">Carson City chronicle.</subfield></datafield><datafield ind1=" " ind2=" " tag="260"><subfield code="a">Carson City, Nev. :</subfield><subfield code="b">G.B. Russell &amp; H.C. Sproule,</subfield><subfield code="c">1935-</subfield></datafield><datafield ind1=" " ind2=" " tag="300"><subfield code="a">v. :</subfield><subfield code="b">ill.</subfield></datafield><datafield ind1=" " ind2=" " tag="310"><subfield code="a">Weekly</subfield></datafield><datafield ind1="0" ind2=" " tag="362"><subfield code="a">Vol. 9, no. 9 (Aug. 23, 1935)-v. 27, no. 46 (June 27, 1952).</subfield></datafield><datafield ind1=" " ind2=" " tag="500"><subfield code="a">Publisher: Jan. 17, 1936-Feb. 19, 1937, Carson City Chronicle, Inc.; Feb. 26, 1937-Oct. 29, 1937, G.B. Russell; Nov. 5, 1937-Aug. 27, 1943, D. Dickerson; Sept. 3, 1943-Apr. 14, 1944, W.L. Davis, Jr.; Apr. 21, 1944-July 13, 1945, E.N. Johnson; July 20, 1945-Nov. 30, 1945, J.M. Taylor; Dec. 7, 1945-&lt;Apr. 26, 1946&gt;, A.D. Mann; &lt;July 26, 1946&gt;-&lt;Sept. 27, 1946&gt;, J.R. Armour; &lt;Jan. 10, 1947&gt;-Aug. 13, 1948, W.L. Davis, Jr.; Aug. 20, 1948-Jan. 7, 1949, G.H. Payne; Jan. 15, 1949-Mar. 16, 1951, G.M. Payne; Mar. 23, 1951-Jan. 4, 1952, R.E. Carpenter, Jan. 1, 1952-&lt;June 27, 1952&gt;, N. Van Sooy.</subfield></datafield><datafield ind1=" " ind2=" " tag="525"><subfield code="a">Supplements accompany some issues.</subfield></datafield><datafield ind1=" " ind2=" " tag="580"><subfield code="a">Weekly edition of: Nevada appeal (Carson City, Nev.: 1948), Aug. 20, 1948-</subfield></datafield><datafield ind1=" " ind2=" " tag="752"><subfield code="a">United States</subfield><subfield code="b">Nevada</subfield><subfield code="c">Ormsby</subfield><subfield code="d">Carson City.</subfield></datafield><datafield ind1=" " ind2=" " tag="752"><subfield code="a">United States</subfield><subfield code="b">Nevada</subfield><subfield code="c">Carson City</subfield><subfield code="d">Carson City.</subfield></datafield><datafield ind1="1" ind2=" " tag="775"><subfield code="t">Nevada appeal (Carson City, Nev. : 1948)</subfield><subfield code="w">(DLC)sn 84020346</subfield></datafield><datafield ind1="0" ind2="0" tag="780"><subfield code="t">Nevadian times</subfield><subfield code="w">(DLC)sn 86076037</subfield></datafield><datafield ind1="0" ind2="0" tag="785"><subfield code="t">Carson-Tahoe chronicle</subfield><subfield code="w">(DLC)sn 95062590</subfield></datafield></record>